<?xml version="1.0" encoding="UTF-8"?><collection xmlns="http://www.loc.gov/MARC21/slim"><record><leader>00370nam--2200133-i-4500</leader><controlfield tag="001">000041808</controlfield><controlfield tag="002">20161230</controlfield><controlfield tag="005">20161230201043</controlfield><controlfield tag="008">060222s1000------------r-----000-0-eng-d</controlfield><datafield ind1=" " ind2=" " tag="080"><subfield code="a">524.3(083.8)</subfield></datafield><datafield ind1=" " ind2=" " tag="245"><subfield code="a">Sky catologur 2000.0. vol.1:stars to magnitude 8.0</subfield></datafield><datafield ind1=" " ind2=" " tag="260"><subfield code="a">Cambridge, Sky Publishi Corp.,1982</subfield></datafield><datafield ind1=" " ind2=" " tag="700"><subfield code="a">Alan Hirshfeld And Roger W.Sinnott</subfield></datafield><datafield ind1=" " ind2=" " tag="852"><subfield code="a">D.2160</subfield></datafield></record></collection>